%YAML 1.1
%TAG !u! tag:unity3d.com,2011:
--- !u!1 &101472
GameObject:
  m_ObjectHideFlags: 1
  m_PrefabParentObject: {fileID: 0}
  m_PrefabInternal: {fileID: 100100000}
  serializedVersion: 5
  m_Component:
  - component: {fileID: 474114}
  m_Layer: 0
  m_Name: finger5-3_L_end
  m_TagString: Untagged
  m_Icon: {fileID: 0}
  m_NavMeshLayer: 0
  m_StaticEditorFlags: 0
  m_IsActive: 1
--- !u!1 &101946
GameObject:
  m_ObjectHideFlags: 1
  m_PrefabParentObject: {fileID: 0}
  m_PrefabInternal: {fileID: 100100000}
  serializedVersion: 5
  m_Component:
  - component: {fileID: 498228}
  m_Layer: 0
  m_Name: finger3-3_L_end
  m_TagString: Untagged
  m_Icon: {fileID: 0}
  m_NavMeshLayer: 0
  m_StaticEditorFlags: 0
  m_IsActive: 1
--- !u!1 &103876
GameObject:
  m_ObjectHideFlags: 1
  m_PrefabParentObject: {fileID: 0}
  m_PrefabInternal: {fileID: 100100000}
  serializedVersion: 5
  m_Component:
  - component: {fileID: 462466}
  m_Layer: 0
  m_Name: finger4-2_L
  m_TagString: Untagged
  m_Icon: {fileID: 0}
  m_NavMeshLayer: 0
  m_StaticEditorFlags: 0
  m_IsActive: 1
--- !u!1 &104676
GameObject:
  m_ObjectHideFlags: 1
  m_PrefabParentObject: {fileID: 0}
  m_PrefabInternal: {fileID: 100100000}
  serializedVersion: 5
  m_Component:
  - component: {fileID: 430192}
  m_Layer: 0
  m_Name: upperarm01_L
  m_TagString: Untagged
  m_Icon: {fileID: 0}
  m_NavMeshLayer: 0
  m_StaticEditorFlags: 0
  m_IsActive: 1
--- !u!1 &107682
GameObject:
  m_ObjectHideFlags: 1
  m_PrefabParentObject: {fileID: 0}
  m_PrefabInternal: {fileID: 100100000}
  serializedVersion: 5
  m_Component:
  - component: {fileID: 422434}
  m_Layer: 0
  m_Name: lowerarm01_L
  m_TagString: Untagged
  m_Icon: {fileID: 0}
  m_NavMeshLayer: 0
  m_StaticEditorFlags: 0
  m_IsActive: 1
--- !u!1 &109860
GameObject:
  m_ObjectHideFlags: 1
  m_PrefabParentObject: {fileID: 0}
  m_PrefabInternal: {fileID: 100100000}
  serializedVersion: 5
  m_Component:
  - component: {fileID: 454760}
  m_Layer: 0
  m_Name: wrist_L
  m_TagString: Untagged
  m_Icon: {fileID: 0}
  m_NavMeshLayer: 0
  m_StaticEditorFlags: 0
  m_IsActive: 1
--- !u!1 &112142
GameObject:
  m_ObjectHideFlags: 1
  m_PrefabParentObject: {fileID: 0}
  m_PrefabInternal: {fileID: 100100000}
  serializedVersion: 5
  m_Component:
  - component: {fileID: 405458}
  m_Layer: 0
  m_Name: metacarpal2_L
  m_TagString: Untagged
  m_Icon: {fileID: 0}
  m_NavMeshLayer: 0
  m_StaticEditorFlags: 0
  m_IsActive: 1
--- !u!1 &112678
GameObject:
  m_ObjectHideFlags: 1
  m_PrefabParentObject: {fileID: 0}
  m_PrefabInternal: {fileID: 100100000}
  serializedVersion: 5
  m_Component:
  - component: {fileID: 444004}
  m_Layer: 0
  m_Name: lowerarm02_L
  m_TagString: Untagged
  m_Icon: {fileID: 0}
  m_NavMeshLayer: 0
  m_StaticEditorFlags: 0
  m_IsActive: 1
--- !u!1 &120340
GameObject:
  m_ObjectHideFlags: 1
  m_PrefabParentObject: {fileID: 0}
  m_PrefabInternal: {fileID: 100100000}
  serializedVersion: 5
  m_Component:
  - component: {fileID: 409212}
  m_Layer: 0
  m_Name: shoulder01_L
  m_TagString: Untagged
  m_Icon: {fileID: 0}
  m_NavMeshLayer: 0
  m_StaticEditorFlags: 0
  m_IsActive: 1
--- !u!1 &120590
GameObject:
  m_ObjectHideFlags: 1
  m_PrefabParentObject: {fileID: 0}
  m_PrefabInternal: {fileID: 100100000}
  serializedVersion: 5
  m_Component:
  - component: {fileID: 429546}
  m_Layer: 0
  m_Name: metacarpal4_L
  m_TagString: Untagged
  m_Icon: {fileID: 0}
  m_NavMeshLayer: 0
  m_StaticEditorFlags: 0
  m_IsActive: 1
--- !u!1 &125156
GameObject:
  m_ObjectHideFlags: 1
  m_PrefabParentObject: {fileID: 0}
  m_PrefabInternal: {fileID: 100100000}
  serializedVersion: 5
  m_Component:
  - component: {fileID: 410746}
  m_Layer: 0
  m_Name: metacarpal1_L
  m_TagString: Untagged
  m_Icon: {fileID: 0}
  m_NavMeshLayer: 0
  m_StaticEditorFlags: 0
  m_IsActive: 1
--- !u!1 &129174
GameObject:
  m_ObjectHideFlags: 1
  m_PrefabParentObject: {fileID: 0}
  m_PrefabInternal: {fileID: 100100000}
  serializedVersion: 5
  m_Component:
  - component: {fileID: 429634}
  m_Layer: 0
  m_Name: finger1-1_L
  m_TagString: Untagged
  m_Icon: {fileID: 0}
  m_NavMeshLayer: 0
  m_StaticEditorFlags: 0
  m_IsActive: 1
--- !u!1 &132930
GameObject:
  m_ObjectHideFlags: 1
  m_PrefabParentObject: {fileID: 0}
  m_PrefabInternal: {fileID: 100100000}
  serializedVersion: 5
  m_Component:
  - component: {fileID: 411286}
  m_Layer: 0
  m_Name: Child_metacarpal1_L_end
  m_TagString: Untagged
  m_Icon: {fileID: 0}
  m_NavMeshLayer: 0
  m_StaticEditorFlags: 0
  m_IsActive: 1
--- !u!1 &135086
GameObject:
  m_ObjectHideFlags: 1
  m_PrefabParentObject: {fileID: 0}
  m_PrefabInternal: {fileID: 100100000}
  serializedVersion: 5
  m_Component:
  - component: {fileID: 497424}
  m_Layer: 0
  m_Name: finger3-1_L
  m_TagString: Untagged
  m_Icon: {fileID: 0}
  m_NavMeshLayer: 0
  m_StaticEditorFlags: 0
  m_IsActive: 1
--- !u!1 &136396
GameObject:
  m_ObjectHideFlags: 1
  m_PrefabParentObject: {fileID: 0}
  m_PrefabInternal: {fileID: 100100000}
  serializedVersion: 5
  m_Component:
  - component: {fileID: 425062}
  m_Layer: 0
  m_Name: finger2-3_L_end
  m_TagString: Untagged
  m_Icon: {fileID: 0}
  m_NavMeshLayer: 0
  m_StaticEditorFlags: 0
  m_IsActive: 1
--- !u!1 &137830
GameObject:
  m_ObjectHideFlags: 1
  m_PrefabParentObject: {fileID: 0}
  m_PrefabInternal: {fileID: 100100000}
  serializedVersion: 5
  m_Component:
  - component: {fileID: 440774}
  m_Layer: 0
  m_Name: finger2-3_L
  m_TagString: Untagged
  m_Icon: {fileID: 0}
  m_NavMeshLayer: 0
  m_StaticEditorFlags: 0
  m_IsActive: 1
--- !u!1 &139606
GameObject:
  m_ObjectHideFlags: 1
  m_PrefabParentObject: {fileID: 0}
  m_PrefabInternal: {fileID: 100100000}
  serializedVersion: 5
  m_Component:
  - component: {fileID: 488266}
  m_Layer: 0
  m_Name: Child_metacarpal1_L
  m_TagString: Untagged
  m_Icon: {fileID: 0}
  m_NavMeshLayer: 0
  m_StaticEditorFlags: 0
  m_IsActive: 1
--- !u!1 &140812
GameObject:
  m_ObjectHideFlags: 1
  m_PrefabParentObject: {fileID: 0}
  m_PrefabInternal: {fileID: 100100000}
  serializedVersion: 5
  m_Component:
  - component: {fileID: 421256}
  m_Layer: 0
  m_Name: finger3-2_L
  m_TagString: Untagged
  m_Icon: {fileID: 0}
  m_NavMeshLayer: 0
  m_StaticEditorFlags: 0
  m_IsActive: 1
--- !u!1 &144752
GameObject:
  m_ObjectHideFlags: 1
  m_PrefabParentObject: {fileID: 0}
  m_PrefabInternal: {fileID: 100100000}
  serializedVersion: 5
  m_Component:
  - component: {fileID: 465922}
  m_Layer: 0
  m_Name: finger4-3_L
  m_TagString: Untagged
  m_Icon: {fileID: 0}
  m_NavMeshLayer: 0
  m_StaticEditorFlags: 0
  m_IsActive: 1
--- !u!1 &155374
GameObject:
  m_ObjectHideFlags: 1
  m_PrefabParentObject: {fileID: 0}
  m_PrefabInternal: {fileID: 100100000}
  serializedVersion: 5
  m_Component:
  - component: {fileID: 453768}
  m_Layer: 0
  m_Name: finger1-3_L
  m_TagString: Untagged
  m_Icon: {fileID: 0}
  m_NavMeshLayer: 0
  m_StaticEditorFlags: 0
  m_IsActive: 1
--- !u!1 &158794
GameObject:
  m_ObjectHideFlags: 0
  m_PrefabParentObject: {fileID: 0}
  m_PrefabInternal: {fileID: 100100000}
  serializedVersion: 5
  m_Component:
  - component: {fileID: 469052}
  m_Layer: 0
  m_Name: Left_Arm_Armature
  m_TagString: Untagged
  m_Icon: {fileID: 0}
  m_NavMeshLayer: 0
  m_StaticEditorFlags: 0
  m_IsActive: 1
--- !u!1 &161854
GameObject:
  m_ObjectHideFlags: 1
  m_PrefabParentObject: {fileID: 0}
  m_PrefabInternal: {fileID: 100100000}
  serializedVersion: 5
  m_Component:
  - component: {fileID: 499048}
  m_Layer: 0
  m_Name: finger4-3_L_end
  m_TagString: Untagged
  m_Icon: {fileID: 0}
  m_NavMeshLayer: 0
  m_StaticEditorFlags: 0
  m_IsActive: 1
--- !u!1 &162754
GameObject:
  m_ObjectHideFlags: 1
  m_PrefabParentObject: {fileID: 0}
  m_PrefabInternal: {fileID: 100100000}
  serializedVersion: 5
  m_Component:
  - component: {fileID: 444796}
  m_Layer: 0
  m_Name: upperarm02_L
  m_TagString: Untagged
  m_Icon: {fileID: 0}
  m_NavMeshLayer: 0
  m_StaticEditorFlags: 0
  m_IsActive: 1
--- !u!1 &165264
GameObject:
  m_ObjectHideFlags: 1
  m_PrefabParentObject: {fileID: 0}
  m_PrefabInternal: {fileID: 100100000}
  serializedVersion: 5
  m_Component:
  - component: {fileID: 426324}
  m_Layer: 0
  m_Name: L_Smart_Armature
  m_TagString: Untagged
  m_Icon: {fileID: 0}
  m_NavMeshLayer: 0
  m_StaticEditorFlags: 0
  m_IsActive: 1
--- !u!1 &165338
GameObject:
  m_ObjectHideFlags: 1
  m_PrefabParentObject: {fileID: 0}
  m_PrefabInternal: {fileID: 100100000}
  serializedVersion: 5
  m_Component:
  - component: {fileID: 438226}
  m_Layer: 0
  m_Name: finger5-3_L
  m_TagString: Untagged
  m_Icon: {fileID: 0}
  m_NavMeshLayer: 0
  m_StaticEditorFlags: 0
  m_IsActive: 1
--- !u!1 &165746
GameObject:
  m_ObjectHideFlags: 0
  m_PrefabParentObject: {fileID: 0}
  m_PrefabInternal: {fileID: 100100000}
  serializedVersion: 5
  m_Component:
  - component: {fileID: 451690}
  - component: {fileID: 13799838}
  m_Layer: 0
  m_Name: Left_Arm
  m_TagString: Untagged
  m_Icon: {fileID: 0}
  m_NavMeshLayer: 0
  m_StaticEditorFlags: 0
  m_IsActive: 1
--- !u!1 &166754
GameObject:
  m_ObjectHideFlags: 1
  m_PrefabParentObject: {fileID: 0}
  m_PrefabInternal: {fileID: 100100000}
  serializedVersion: 5
  m_Component:
  - component: {fileID: 488940}
  m_Layer: 0
  m_Name: finger4-1_L
  m_TagString: Untagged
  m_Icon: {fileID: 0}
  m_NavMeshLayer: 0
  m_StaticEditorFlags: 0
  m_IsActive: 1
--- !u!1 &181504
GameObject:
  m_ObjectHideFlags: 1
  m_PrefabParentObject: {fileID: 0}
  m_PrefabInternal: {fileID: 100100000}
  serializedVersion: 5
  m_Component:
  - component: {fileID: 428952}
  m_Layer: 0
  m_Name: finger5-1_L
  m_TagString: Untagged
  m_Icon: {fileID: 0}
  m_NavMeshLayer: 0
  m_StaticEditorFlags: 0
  m_IsActive: 1
--- !u!1 &184102
GameObject:
  m_ObjectHideFlags: 1
  m_PrefabParentObject: {fileID: 0}
  m_PrefabInternal: {fileID: 100100000}
  serializedVersion: 5
  m_Component:
  - component: {fileID: 438864}
  m_Layer: 0
  m_Name: finger1-2_L
  m_TagString: Untagged
  m_Icon: {fileID: 0}
  m_NavMeshLayer: 0
  m_StaticEditorFlags: 0
  m_IsActive: 1
--- !u!1 &186480
GameObject:
  m_ObjectHideFlags: 0
  m_PrefabParentObject: {fileID: 0}
  m_PrefabInternal: {fileID: 100100000}
  serializedVersion: 5
  m_Component:
  - component: {fileID: 497386}
  - component: {fileID: 9586560}
  - component: {fileID: 11496200}
  - component: {fileID: 11419686}
  m_Layer: 0
  m_Name: Smartfon_Left_Arm
  m_TagString: Untagged
  m_Icon: {fileID: 0}
  m_NavMeshLayer: 0
  m_StaticEditorFlags: 0
  m_IsActive: 1
--- !u!1 &186526
GameObject:
  m_ObjectHideFlags: 1
  m_PrefabParentObject: {fileID: 0}
  m_PrefabInternal: {fileID: 100100000}
  serializedVersion: 5
  m_Component:
  - component: {fileID: 490722}
  m_Layer: 0
  m_Name: finger2-1_L
  m_TagString: Untagged
  m_Icon: {fileID: 0}
  m_NavMeshLayer: 0
  m_StaticEditorFlags: 0
  m_IsActive: 1
--- !u!1 &187154
GameObject:
  m_ObjectHideFlags: 0
  m_PrefabParentObject: {fileID: 0}
  m_PrefabInternal: {fileID: 100100000}
  serializedVersion: 5
  m_Component:
  - component: {fileID: 432692}
  - component: {fileID: 13759882}
  m_Layer: 0
  m_Name: L_Smartphone
  m_TagString: CameraPhone
  m_Icon: {fileID: 0}
  m_NavMeshLayer: 0
  m_StaticEditorFlags: 0
  m_IsActive: 1
--- !u!1 &189596
GameObject:
  m_ObjectHideFlags: 1
  m_PrefabParentObject: {fileID: 0}
  m_PrefabInternal: {fileID: 100100000}
  serializedVersion: 5
  m_Component:
  - component: {fileID: 486172}
  m_Layer: 0
  m_Name: finger1-3_L_end
  m_TagString: Untagged
  m_Icon: {fileID: 0}
  m_NavMeshLayer: 0
  m_StaticEditorFlags: 0
  m_IsActive: 1
--- !u!1 &194538
GameObject:
  m_ObjectHideFlags: 1
  m_PrefabParentObject: {fileID: 0}
  m_PrefabInternal: {fileID: 100100000}
  serializedVersion: 5
  m_Component:
  - component: {fileID: 449766}
  m_Layer: 0
  m_Name: finger2-2_L
  m_TagString: Untagged
  m_Icon: {fileID: 0}
  m_NavMeshLayer: 0
  m_StaticEditorFlags: 0
  m_IsActive: 1
--- !u!1 &196280
GameObject:
  m_ObjectHideFlags: 1
  m_PrefabParentObject: {fileID: 0}
  m_PrefabInternal: {fileID: 100100000}
  serializedVersion: 5
  m_Component:
  - component: {fileID: 439220}
  - component: {fileID: 10853424}
  m_Layer: 0
  m_Name: Spotlight
  m_TagString: CameraFlashlight
  m_Icon: {fileID: 0}
  m_NavMeshLayer: 0
  m_StaticEditorFlags: 0
  m_IsActive: 1
--- !u!1 &197524
GameObject:
  m_ObjectHideFlags: 1
  m_PrefabParentObject: {fileID: 0}
  m_PrefabInternal: {fileID: 100100000}
  serializedVersion: 5
  m_Component:
  - component: {fileID: 439980}
  m_Layer: 0
  m_Name: finger3-3_L
  m_TagString: Untagged
  m_Icon: {fileID: 0}
  m_NavMeshLayer: 0
  m_StaticEditorFlags: 0
  m_IsActive: 1
--- !u!1 &197760
GameObject:
  m_ObjectHideFlags: 1
  m_PrefabParentObject: {fileID: 0}
  m_PrefabInternal: {fileID: 100100000}
  serializedVersion: 5
  m_Component:
  - component: {fileID: 423752}
  m_Layer: 0
  m_Name: metacarpal3_L
  m_TagString: Untagged
  m_Icon: {fileID: 0}
  m_NavMeshLayer: 0
  m_StaticEditorFlags: 0
  m_IsActive: 1
--- !u!1 &199936
GameObject:
  m_ObjectHideFlags: 1
  m_PrefabParentObject: {fileID: 0}
  m_PrefabInternal: {fileID: 100100000}
  serializedVersion: 5
  m_Component:
  - component: {fileID: 401506}
  m_Layer: 0
  m_Name: finger5-2_L
  m_TagString: Untagged
  m_Icon: {fileID: 0}
  m_NavMeshLayer: 0
  m_StaticEditorFlags: 0
  m_IsActive: 1
--- !u!4 &401506
Transform:
  m_ObjectHideFlags: 1
  m_PrefabParentObject: {fileID: 0}
  m_PrefabInternal: {fileID: 100100000}
  m_GameObject: {fileID: 199936}
  m_LocalRotation: {x: 0.003510717, y: -0.006219254, z: 0.00075100677, w: 0.99997425}
  m_LocalPosition: {x: 0.0000000011920929, y: 0.0031528026, z: 0.000000002682209}
  m_LocalScale: {x: 1.0000001, y: 0.99999976, z: 1}
  m_Children:
  - {fileID: 438226}
  m_Father: {fileID: 428952}
  m_RootOrder: 0
  m_LocalEulerAnglesHint: {x: 0.4028, y: -0.71239996, z: 0.0836}
--- !u!4 &405458
Transform:
  m_ObjectHideFlags: 1
  m_PrefabParentObject: {fileID: 0}
  m_PrefabInternal: {fileID: 100100000}
  m_GameObject: {fileID: 112142}
  m_LocalRotation: {x: -0.15319365, y: 0.7549785, z: 0.056009296, w: 0.63513947}
  m_LocalPosition: {x: 0.00000029206277, y: 0.0046064663, z: -0.00000065147873}
  m_LocalScale: {x: 1.0000001, y: 1, z: 1}
  m_Children:
  - {fileID: 497424}
  m_Father: {fileID: 454760}
  m_RootOrder: 2
  m_LocalEulerAnglesHint: {x: -16.2107, y: 101.2249, z: -9.6018}
--- !u!4 &409212
Transform:
  m_ObjectHideFlags: 1
  m_PrefabParentObject: {fileID: 0}
  m_PrefabInternal: {fileID: 100100000}
  m_GameObject: {fileID: 120340}
  m_LocalRotation: {x: -0.06367197, y: -0.006426918, z: -0.8608741, w: 0.5047775}
  m_LocalPosition: {x: 0.010982505, y: 0.14390315, z: 0.0025392238}
  m_LocalScale: {x: 0.99999976, y: 0.99999994, z: 0.99999994}
  m_Children:
  - {fileID: 430192}
  m_Father: {fileID: 469052}
  m_RootOrder: 0
  m_LocalEulerAnglesHint: {x: -4.3210998, y: 5.9368997, z: -119.4533}
--- !u!4 &410746
Transform:
  m_ObjectHideFlags: 1
  m_PrefabParentObject: {fileID: 0}
  m_PrefabInternal: {fileID: 100100000}
  m_GameObject: {fileID: 125156}
  m_LocalRotation: {x: -0.018429406, y: 0.7931052, z: 0.091280654, w: 0.601924}
  m_LocalPosition: {x: 0.0000072461366, y: 0.004605092, z: -0.000010054111}
  m_LocalScale: {x: 1, y: 0.9999998, z: 0.99999976}
  m_Children:
  - {fileID: 490722}
  - {fileID: 426324}
  m_Father: {fileID: 454760}
  m_RootOrder: 1
  m_LocalEulerAnglesHint: {x: -9.6121, y: 105.2122, z: 4.6921997}
--- !u!4 &411286
Transform:
  m_ObjectHideFlags: 1
  m_PrefabParentObject: {fileID: 0}
  m_PrefabInternal: {fileID: 100100000}
  m_GameObject: {fileID: 132930}
  m_LocalRotation: {x: 0, y: 0, z: 0, w: 1}
  m_LocalPosition: {x: -0, y: 0.01, z: 0}
  m_LocalScale: {x: 1, y: 1, z: 1}
  m_Children:
  - {fileID: 439220}
  m_Father: {fileID: 488266}
  m_RootOrder: 0
  m_LocalEulerAnglesHint: {x: 0, y: 0, z: 0}
--- !u!4 &421256
Transform:
  m_ObjectHideFlags: 1
  m_PrefabParentObject: {fileID: 0}
  m_PrefabInternal: {fileID: 100100000}
  m_GameObject: {fileID: 140812}
  m_LocalRotation: {x: 0.36917257, y: -0.14464897, z: -0.108733915, w: 0.911573}
  m_LocalPosition: {x: -0.0000000011920929, y: 0.004873104, z: -0.0000000011920929}
  m_LocalScale: {x: 1, y: 0.99999994, z: 0.99999994}
  m_Children:
  - {fileID: 439980}
  m_Father: {fileID: 497424}
  m_RootOrder: 0
  m_LocalEulerAnglesHint: {x: 39.911198, y: -26.646, z: -23.4334}
--- !u!4 &422434
Transform:
  m_ObjectHideFlags: 1
  m_PrefabParentObject: {fileID: 0}
  m_PrefabInternal: {fileID: 100100000}
  m_GameObject: {fileID: 107682}
  m_LocalRotation: {x: 0.3142323, y: 0.0049225474, z: -0.10530412, w: 0.9434749}
  m_LocalPosition: {x: -0.0000000043585895, y: 0.018429542, z: 1.4901161e-10}
  m_LocalScale: {x: 0.99999994, y: 0.99999994, z: 0.99999994}
  m_Children:
  - {fileID: 444004}
  m_Father: {fileID: 444796}
  m_RootOrder: 0
  m_LocalEulerAnglesHint: {x: 36.4398, y: -4.0552, z: -14.072499}
--- !u!4 &423752
Transform:
  m_ObjectHideFlags: 1
  m_PrefabParentObject: {fileID: 0}
  m_PrefabInternal: {fileID: 100100000}
  m_GameObject: {fileID: 197760}
  m_LocalRotation: {x: -0.1342228, y: 0.75582707, z: 0.07936013, w: 0.6359338}
  m_LocalPosition: {x: 0.000100632904, y: 0.005032765, z: -0.0030476504}
  m_LocalScale: {x: 1, y: 1, z: 1}
  m_Children:
  - {fileID: 488940}
  m_Father: {fileID: 454760}
  m_RootOrder: 3
  m_LocalEulerAnglesHint: {x: -16.8986, y: 100.7567, z: -6.1173}
--- !u!4 &425062
Transform:
  m_ObjectHideFlags: 1
  m_PrefabParentObject: {fileID: 0}
  m_PrefabInternal: {fileID: 100100000}
  m_GameObject: {fileID: 136396}
  m_LocalRotation: {x: 0, y: 0, z: 0, w: 1}
  m_LocalPosition: {x: -0, y: 0.00065591786, z: 0}
  m_LocalScale: {x: 1, y: 1, z: 1}
  m_Children: []
  m_Father: {fileID: 440774}
  m_RootOrder: 0
  m_LocalEulerAnglesHint: {x: 0, y: 0, z: 0}
--- !u!4 &426324
Transform:
  m_ObjectHideFlags: 1
  m_PrefabParentObject: {fileID: 0}
  m_PrefabInternal: {fileID: 100100000}
  m_GameObject: {fileID: 165264}
  m_LocalRotation: {x: 0.6169317, y: 0.23549315, z: 0.39385068, w: 0.6393903}
  m_LocalPosition: {x: -0.0054483316, y: 0.01399266, z: 0.0023662376}
  m_LocalScale: {x: 1.451366, y: 1.4513676, z: 1.4513662}
  m_Children:
  - {fileID: 488266}
  m_Father: {fileID: 410746}
  m_RootOrder: 1
  m_LocalEulerAnglesHint: {x: 37.1154, y: 80.772095, z: 95.140396}
--- !u!4 &428952
Transform:
  m_ObjectHideFlags: 1
  m_PrefabParentObject: {fileID: 0}
  m_PrefabInternal: {fileID: 100100000}
  m_GameObject: {fileID: 181504}
  m_LocalRotation: {x: -0.002241784, y: 0.0001575439, z: -0.0004938244, w: 0.9999974}
  m_LocalPosition: {x: 0.0000000023841857, y: 0.0075614452, z: 0.000000001490116}
  m_LocalScale: {x: 0.99999994, y: 0.9999999, z: 0.99999994}
  m_Children:
  - {fileID: 401506}
  m_Father: {fileID: 429546}
  m_RootOrder: 0
  m_LocalEulerAnglesHint: {x: -0.2568, y: 0.018199999, z: -0.056599997}
--- !u!4 &429546
Transform:
  m_ObjectHideFlags: 1
  m_PrefabParentObject: {fileID: 0}
  m_PrefabInternal: {fileID: 100100000}
  m_GameObject: {fileID: 120590}
  m_LocalRotation: {x: -0.13601492, y: 0.66885626, z: -0.14692733, w: 0.7159215}
  m_LocalPosition: {x: 0.00010658532, y: 0.0049988274, z: -0.0031685804}
  m_LocalScale: {x: 1, y: 1.0000001, z: 0.9999999}
  m_Children:
  - {fileID: 428952}
  m_Father: {fileID: 454760}
  m_RootOrder: 4
  m_LocalEulerAnglesHint: {x: 0.1028, y: 86.0858, z: -23.0994}
--- !u!4 &429634
Transform:
  m_ObjectHideFlags: 1
  m_PrefabParentObject: {fileID: 0}
  m_PrefabInternal: {fileID: 100100000}
  m_GameObject: {fileID: 129174}
  m_LocalRotation: {x: 0.35642752, y: 0.88103193, z: 0.2948282, w: 0.099088565}
  m_LocalPosition: {x: 0.00013332695, y: 0.005623515, z: 0.00289667}
  m_LocalScale: {x: 1.0000001, y: 1, z: 1.0000001}
  m_Children:
  - {fileID: 438864}
  m_Father: {fileID: 454760}
  m_RootOrder: 0
  m_LocalEulerAnglesHint: {x: -26.671299, y: 154.4952, z: 50.194}
--- !u!4 &430192
Transform:
  m_ObjectHideFlags: 1
  m_PrefabParentObject: {fileID: 0}
  m_PrefabInternal: {fileID: 100100000}
  m_GameObject: {fileID: 104676}
  m_LocalRotation: {x: -0.04696118, y: 0.015239541, z: -0.26152202, w: 0.96393394}
  m_LocalPosition: {x: 0.000000005327165, y: 0.0089615155, z: 0.0000000025331974}
  m_LocalScale: {x: 0.9999998, y: 1.0000001, z: 1}
  m_Children:
  - {fileID: 444796}
  m_Father: {fileID: 409212}
  m_RootOrder: 0
  m_LocalEulerAnglesHint: {x: -4.736, y: 3.1028, z: -30.487099}
--- !u!4 &432692
Transform:
  m_ObjectHideFlags: 1
  m_PrefabParentObject: {fileID: 0}
  m_PrefabInternal: {fileID: 100100000}
  m_GameObject: {fileID: 187154}
  m_LocalRotation: {x: -0.5670493, y: -0.3092852, z: 0.5531949, w: 0.52609235}
  m_LocalPosition: {x: -0.3628408, y: 0.8806262, z: 0.2755101}
  m_LocalScale: {x: -5.0368056, y: -5.036807, z: -5.03681}
  m_Children: []
  m_Father: {fileID: 497386}
  m_RootOrder: 0
  m_LocalEulerAnglesHint: {x: -14.741099, y: -80.140594, z: 105.297}
--- !u!4 &438226
Transform:
  m_ObjectHideFlags: 1
  m_PrefabParentObject: {fileID: 0}
  m_PrefabInternal: {fileID: 100100000}
  m_GameObject: {fileID: 165338}
  m_LocalRotation: {x: 0.6883922, y: -0.007130708, z: -0.013721111, w: 0.7251739}
  m_LocalPosition: {x: -0, y: 0.0022518386, z: -5.9604643e-10}
  m_LocalScale: {x: 1, y: 0.9999999, z: 1.0000001}
  m_Children:
  - {fileID: 474114}
  m_Father: {fileID: 401506}
  m_RootOrder: 0
  m_LocalEulerAnglesHint: {x: 86.5737, y: -29.282099, z: -29.816399}
--- !u!4 &438864
Transform:
  m_ObjectHideFlags: 1
  m_PrefabParentObject: {fileID: 0}
  m_PrefabInternal: {fileID: 100100000}
  m_GameObject: {fileID: 184102}
  m_LocalRotation: {x: 0.07079992, y: -0.013867711, z: -0.1548674, w: 0.9852975}
  m_LocalPosition: {x: 0.0000000035762786, y: 0.004234118, z: 0.0000000035762786}
  m_LocalScale: {x: 0.99999994, y: 1, z: 0.99999994}
  m_Children:
  - {fileID: 453768}
  m_Father: {fileID: 429634}
  m_RootOrder: 0
  m_LocalEulerAnglesHint: {x: 7.7714996, y: -2.8495998, z: -18.058699}
--- !u!4 &439220
Transform:
  m_ObjectHideFlags: 1
  m_PrefabParentObject: {fileID: 0}
  m_PrefabInternal: {fileID: 100100000}
  m_GameObject: {fileID: 196280}
  m_LocalRotation: {x: 0.1787282, y: 0.9775527, z: -0.10500212, w: -0.037703417}
  m_LocalPosition: {x: 0.00136, y: -0.00817, z: 0.00115}
  m_LocalScale: {x: 1, y: 1, z: 1}
  m_Children: []
  m_Father: {fileID: 411286}
  m_RootOrder: 0
  m_LocalEulerAnglesHint: {x: 11.058599, y: 186.50859, z: 21.3529}
--- !u!4 &439980
Transform:
  m_ObjectHideFlags: 1
  m_PrefabParentObject: {fileID: 0}
  m_PrefabInternal: {fileID: 100100000}
  m_GameObject: {fileID: 197524}
  m_LocalRotation: {x: 0.8038493, y: 0.108044885, z: -0.05564184, w: 0.5822857}
  m_LocalPosition: {x: -0.0000000011920929, y: 0.003967716, z: -0.0000000023841857}
  m_LocalScale: {x: 0.99999994, y: 1.0000001, z: 1}
  m_Children:
  - {fileID: 498228}
  m_Father: {fileID: 421256}
  m_RootOrder: 0
  m_LocalEulerAnglesHint: {x: 71.4711, y: 173.428, z: 159.95839}
--- !u!4 &440774
Transform:
  m_ObjectHideFlags: 1
  m_PrefabParentObject: {fileID: 0}
  m_PrefabInternal: {fileID: 100100000}
  m_GameObject: {fileID: 137830}
  m_LocalRotation: {x: 0.825978, y: -0.06984198, z: 0.11986497, w: 0.5463652}
  m_LocalPosition: {x: -0.0000000035762786, y: 0.0034640366, z: -0.000000009536743}
  m_LocalScale: {x: 0.9999999, y: 1, z: 1}
  m_Children:
  - {fileID: 425062}
  m_Father: {fileID: 449766}
  m_RootOrder: 0
  m_LocalEulerAnglesHint: {x: 66.826096, y: 161.9866, z: 177.7275}
--- !u!4 &444004
Transform:
  m_ObjectHideFlags: 1
  m_PrefabParentObject: {fileID: 0}
  m_PrefabInternal: {fileID: 100100000}
  m_GameObject: {fileID: 112678}
  m_LocalRotation: {x: -0.000024146402, y: -0.00017421135, z: 0.00012802707, w: 1}
  m_LocalPosition: {x: -0.000000008828938, y: 0.012812271, z: -5.9604643e-10}
  m_LocalScale: {x: 0.99999994, y: 1, z: 1}
  m_Children:
  - {fileID: 454760}
  m_Father: {fileID: 422434}
  m_RootOrder: 0
  m_LocalEulerAnglesHint: {x: -0.0028, y: -0.02, z: 0.014699999}
--- !u!4 &444796
Transform:
  m_ObjectHideFlags: 1
  m_PrefabParentObject: {fileID: 0}
  m_PrefabInternal: {fileID: 100100000}
  m_GameObject: {fileID: 162754}
  m_LocalRotation: {x: 0.05126154, y: -0.0016219886, z: -0.0178753, w: 0.99852395}
  m_LocalPosition: {x: 0.000000001695007, y: 0.0069623347, z: -1.4901161e-10}
  m_LocalScale: {x: 0.99999994, y: 0.9999999, z: 1}
  m_Children:
  - {fileID: 422434}
  m_Father: {fileID: 430192}
  m_RootOrder: 0
  m_LocalEulerAnglesHint: {x: 5.8724, y: -0.29209998, z: -2.0662}
--- !u!4 &449766
Transform:
  m_ObjectHideFlags: 1
  m_PrefabParentObject: {fileID: 0}
  m_PrefabInternal: {fileID: 100100000}
  m_GameObject: {fileID: 194538}
  m_LocalRotation: {x: 0.21887492, y: 0.0042486917, z: 0.009561915, w: 0.97569686}
  m_LocalPosition: {x: 0.0000000035762786, y: 0.0038549446, z: 0.0000000011920929}
  m_LocalScale: {x: 1, y: 1, z: 1}
  m_Children:
  - {fileID: 440774}
  m_Father: {fileID: 490722}
  m_RootOrder: 0
  m_LocalEulerAnglesHint: {x: 25.2792, y: 0.7906, z: 1.3003}
--- !u!4 &451690
Transform:
  m_ObjectHideFlags: 1
  m_PrefabParentObject: {fileID: 0}
  m_PrefabInternal: {fileID: 100100000}
  m_GameObject: {fileID: 165746}
  m_LocalRotation: {x: 1, y: 0, z: 0, w: -0.0000000754979}
  m_LocalPosition: {x: 0, y: 0, z: 0}
  m_LocalScale: {x: -10, y: -10, z: -10}
  m_Children: []
  m_Father: {fileID: 497386}
  m_RootOrder: 1
  m_LocalEulerAnglesHint: {x: 0, y: -180, z: -180}
--- !u!4 &453768
Transform:
  m_ObjectHideFlags: 1
  m_PrefabParentObject: {fileID: 0}
  m_PrefabInternal: {fileID: 100100000}
  m_GameObject: {fileID: 155374}
  m_LocalRotation: {x: 0.13594931, y: -0.0036751016, z: -0.027419608, w: 0.9903295}
  m_LocalPosition: {x: -0.0000000047683715, y: 0.0053367815, z: -0.0000000011920929}
  m_LocalScale: {x: 1, y: 1, z: 1}
  m_Children:
  - {fileID: 486172}
  m_Father: {fileID: 438864}
  m_RootOrder: 0
  m_LocalEulerAnglesHint: {x: 15.6088, y: -0.87659997, z: -3.2921}
--- !u!4 &454760
Transform:
  m_ObjectHideFlags: 1
  m_PrefabParentObject: {fileID: 0}
  m_PrefabInternal: {fileID: 100100000}
  m_GameObject: {fileID: 109860}
  m_LocalRotation: {x: 0.07694927, y: 0.038361594, z: -0.1260688, w: 0.98828834}
  m_LocalPosition: {x: -0.0000000040233132, y: 0.012813872, z: 0.0000000035762786}
  m_LocalScale: {x: 1.0000001, y: 1, z: 1.0000001}
  m_Children:
  - {fileID: 429634}
  - {fileID: 410746}
  - {fileID: 405458}
  - {fileID: 423752}
  - {fileID: 429546}
  m_Father: {fileID: 444004}
  m_RootOrder: 0
  m_LocalEulerAnglesHint: {x: 9.3096, y: 3.2777, z: -14.2722}
--- !u!4 &462466
Transform:
  m_ObjectHideFlags: 1
  m_PrefabParentObject: {fileID: 0}
  m_PrefabInternal: {fileID: 100100000}
  m_GameObject: {fileID: 103876}
  m_LocalRotation: {x: 0.2911555, y: 0.007346717, z: 0.04102528, w: 0.95576745}
  m_LocalPosition: {x: -0.0000000011920929, y: 0.004351939, z: 0.0000000011920929}
  m_LocalScale: {x: 1, y: 1, z: 1}
  m_Children:
  - {fileID: 465922}
  m_Father: {fileID: 488940}
  m_RootOrder: 0
  m_LocalEulerAnglesHint: {x: 33.7762, y: 2.6155999, z: 5.7099}
--- !u!4 &465922
Transform:
  m_ObjectHideFlags: 1
  m_PrefabParentObject: {fileID: 0}
  m_PrefabInternal: {fileID: 100100000}
  m_GameObject: {fileID: 144752}
  m_LocalRotation: {x: 0.7597085, y: -0.017953288, z: -0.021831745, w: 0.6496492}
  m_LocalPosition: {x: 0.0000000011920929, y: 0.0035101892, z: -0.0000000011920929}
  m_LocalScale: {x: 0.99999994, y: 1, z: 1.0000001}
  m_Children:
  - {fileID: 499048}
  m_Father: {fileID: 462466}
  m_RootOrder: 0
  m_LocalEulerAnglesHint: {x: 80.5064, y: -159.9681, z: -160.2834}
--- !u!4 &469052
Transform:
  m_ObjectHideFlags: 1
  m_PrefabParentObject: {fileID: 0}
  m_PrefabInternal: {fileID: 100100000}
  m_GameObject: {fileID: 158794}
  m_LocalRotation: {x: 1, y: 0, z: 0, w: -0.00000013315805}
  m_LocalPosition: {x: 0, y: 0, z: 0}
  m_LocalScale: {x: -10, y: -10, z: -10}
  m_Children:
  - {fileID: 409212}
  m_Father: {fileID: 497386}
  m_RootOrder: 2
  m_LocalEulerAnglesHint: {x: 0, y: -180, z: -180}
--- !u!4 &474114
Transform:
  m_ObjectHideFlags: 1
  m_PrefabParentObject: {fileID: 0}
  m_PrefabInternal: {fileID: 100100000}
  m_GameObject: {fileID: 101472}
  m_LocalRotation: {x: 0, y: 0, z: 0, w: 1}
  m_LocalPosition: {x: -0, y: 0.00065591803, z: 0}
  m_LocalScale: {x: 1, y: 1, z: 1}
  m_Children: []
  m_Father: {fileID: 438226}
  m_RootOrder: 0
  m_LocalEulerAnglesHint: {x: 0, y: 0, z: 0}
--- !u!4 &486172
Transform:
  m_ObjectHideFlags: 1
  m_PrefabParentObject: {fileID: 0}
  m_PrefabInternal: {fileID: 100100000}
  m_GameObject: {fileID: 189596}
  m_LocalRotation: {x: 0, y: 0, z: 0, w: 1}
  m_LocalPosition: {x: -0, y: 0.00065591873, z: 0}
  m_LocalScale: {x: 1, y: 1, z: 1}
  m_Children: []
  m_Father: {fileID: 453768}
  m_RootOrder: 0
  m_LocalEulerAnglesHint: {x: 0, y: 0, z: 0}
--- !u!4 &488266
Transform:
  m_ObjectHideFlags: 1
  m_PrefabParentObject: {fileID: 0}
  m_PrefabInternal: {fileID: 100100000}
  m_GameObject: {fileID: 139606}
  m_LocalRotation: {x: 0.6949298, y: 0.06645811, z: -0.08152674, w: 0.71134335}
  m_LocalPosition: {x: -0.0017413883, y: 0.00007289847, z: -0.0009320751}
  m_LocalScale: {x: 0.99999994, y: 0.99999976, z: 1}
  m_Children:
  - {fileID: 411286}
  m_Father: {fileID: 426324}
  m_RootOrder: 0
  m_LocalEulerAnglesHint: {x: 88.194595, y: -36.5466, z: -48.5611}
--- !u!4 &488940
Transform:
  m_ObjectHideFlags: 1
  m_PrefabParentObject: {fileID: 0}
  m_PrefabInternal: {fileID: 100100000}
  m_GameObject: {fileID: 166754}
  m_LocalRotation: {x: 0.35697055, y: -0.022872137, z: -0.11809685, w: 0.92633796}
  m_LocalPosition: {x: -0.000000005960464, y: 0.008395651, z: 7.45058e-10}
  m_LocalScale: {x: 1, y: 1, z: 1}
  m_Children:
  - {fileID: 462466}
  m_Father: {fileID: 423752}
  m_RootOrder: 0
  m_LocalEulerAnglesHint: {x: 40.9916, y: -9.662499, z: -18.1499}
--- !u!4 &490722
Transform:
  m_ObjectHideFlags: 1
  m_PrefabParentObject: {fileID: 0}
  m_PrefabInternal: {fileID: 100100000}
  m_GameObject: {fileID: 186526}
  m_LocalRotation: {x: 0.2641893, y: -0.0033984894, z: -0.054074507, w: 0.9629478}
  m_LocalPosition: {x: -0.000000005960464, y: 0.010543104, z: -0.000000005364418}
  m_LocalScale: {x: 0.99999994, y: 1, z: 0.9999998}
  m_Children:
  - {fileID: 449766}
  m_Father: {fileID: 410746}
  m_RootOrder: 0
  m_LocalEulerAnglesHint: {x: 30.5595, y: -2.3372998, z: -7.0667996}
--- !u!4 &497386
Transform:
  m_ObjectHideFlags: 1
  m_PrefabParentObject: {fileID: 0}
  m_PrefabInternal: {fileID: 100100000}
  m_GameObject: {fileID: 186480}
  m_LocalRotation: {x: 0, y: 0, z: 0, w: 1}
  m_LocalPosition: {x: -0.21, y: -1.556, z: 0.131}
  m_LocalScale: {x: 1, y: 1, z: 1}
  m_Children:
  - {fileID: 432692}
  - {fileID: 451690}
  - {fileID: 469052}
  m_Father: {fileID: 0}
  m_RootOrder: 0
  m_LocalEulerAnglesHint: {x: 0, y: 0, z: 0}
--- !u!4 &497424
Transform:
  m_ObjectHideFlags: 1
  m_PrefabParentObject: {fileID: 0}
  m_PrefabInternal: {fileID: 100100000}
  m_GameObject: {fileID: 135086}
  m_LocalRotation: {x: 0.38469163, y: 0.0061544245, z: -0.029381543, w: 0.92255694}
  m_LocalPosition: {x: -0.0000000047683715, y: 0.009940731, z: 0.0000000023841857}
  m_LocalScale: {x: 0.99999994, y: 0.99999994, z: 0.99999994}
  m_Children:
  - {fileID: 421256}
  m_Father: {fileID: 405458}
  m_RootOrder: 0
  m_LocalEulerAnglesHint: {x: 45.247997, y: -0.9156, z: -4.0298}
--- !u!4 &498228
Transform:
  m_ObjectHideFlags: 1
  m_PrefabParentObject: {fileID: 0}
  m_PrefabInternal: {fileID: 100100000}
  m_GameObject: {fileID: 101946}
  m_LocalRotation: {x: 0, y: 0, z: 0, w: 1}
  m_LocalPosition: {x: -0, y: 0.00065591943, z: 0}
  m_LocalScale: {x: 1, y: 1, z: 1}
  m_Children: []
  m_Father: {fileID: 439980}
  m_RootOrder: 0
  m_LocalEulerAnglesHint: {x: 0, y: 0, z: 0}
--- !u!4 &499048
Transform:
  m_ObjectHideFlags: 1
  m_PrefabParentObject: {fileID: 0}
  m_PrefabInternal: {fileID: 100100000}
  m_GameObject: {fileID: 161854}
  m_LocalRotation: {x: 0, y: 0, z: 0, w: 1}
  m_LocalPosition: {x: -0, y: 0.0006559173, z: 0}
  m_LocalScale: {x: 1, y: 1, z: 1}
  m_Children: []
  m_Father: {fileID: 465922}
  m_RootOrder: 0
  m_LocalEulerAnglesHint: {x: 0, y: 0, z: 0}
--- !u!95 &9586560
Animator:
  serializedVersion: 3
  m_ObjectHideFlags: 1
  m_PrefabParentObject: {fileID: 0}
  m_PrefabInternal: {fileID: 100100000}
  m_GameObject: {fileID: 186480}
  m_Enabled: 1
  m_Avatar: {fileID: 9000000, guid: 7b23322042cca0b45a566ed8c20846b9, type: 3}
  m_Controller: {fileID: 9100000, guid: 07f06b8bcb3b80e499d003ce9844974a, type: 2}
  m_CullingMode: 1
  m_UpdateMode: 0
  m_ApplyRootMotion: 0
  m_LinearVelocityBlending: 0
  m_WarningMessage: 
  m_HasTransformHierarchy: 1
  m_AllowConstantClipSamplingOptimization: 1
--- !u!108 &10853424
Light:
  m_ObjectHideFlags: 1
  m_PrefabParentObject: {fileID: 0}
  m_PrefabInternal: {fileID: 100100000}
  m_GameObject: {fileID: 196280}
  m_Enabled: 1
  serializedVersion: 8
  m_Type: 0
  m_Color: {r: 1, g: 1, b: 1, a: 1}
  m_Intensity: 1.41
  m_Range: 80.26171
  m_SpotAngle: 40
  m_CookieSize: 10
  m_Shadows:
    m_Type: 2
    m_Resolution: -1
    m_CustomResolution: -1
    m_Strength: 1
    m_Bias: 0
    m_NormalBias: 0.4
    m_NearPlane: 0.2
  m_Cookie: {fileID: 2800000, guid: 2c29c08dd1c0b6749b7cd0fcff7a29fd, type: 3}
  m_DrawHalo: 0
  m_Flare: {fileID: 0}
  m_RenderMode: 0
  m_CullingMask:
    serializedVersion: 2
    m_Bits: 4294967295
  m_Lightmapping: 4
  m_AreaSize: {x: 1, y: 1}
  m_BounceIntensity: 0
  m_ColorTemperature: 6570
  m_UseColorTemperature: 0
  m_ShadowRadius: 0
  m_ShadowAngle: 0
--- !u!114 &11419686
MonoBehaviour:
  m_ObjectHideFlags: 1
  m_PrefabParentObject: {fileID: 0}
  m_PrefabInternal: {fileID: 100100000}
  m_GameObject: {fileID: 186480}
  m_Enabled: 1
  m_EditorHideFlags: 0
  m_Script: {fileID: 11500000, guid: 198d75d1dfb96a04c9fd70b8a77e2341, type: 3}
  m_Name: 
  m_EditorClassIdentifier: 
  instanceUI:
    cellphone: {fileID: 2100000, guid: 4a8010dbd23948847950561dd8da927e, type: 2}
    cellphoneFlashlight: {fileID: 2100000, guid: 831a10978dca4ae4eac837f57a5ce522,
      type: 2}
    cellphoneCamera: {fileID: 2100000, guid: 6ef825d908057134e82c6c203450864d, type: 2}
    cellphoneFLoff: {fileID: 2100000, guid: fd892b3e34759784c8cfa2d9a5cbaeb9, type: 2}
    cameraUI: {fileID: 0}
    cameraImg: {fileID: 0}
    cameraClickedImg: {fileID: 0}
    flashButtonOnImg: {fileID: 0}
    flashButtonOffImg: {fileID: 0}
    flashButtonAutoImg: {fileID: 0}
    flashButtonOutImg: {fileID: 0}
    FlButtonOnImg: {fileID: 0}
    FlButtonOffImg: {fileID: 0}
    zoomSlider: {fileID: 0}
    flashlightUI: {fileID: 0}
  flashlightRange: 180
  flashlightSpotAngle: 180
  flashlightIntensity: 1.6
  smartPhone: {fileID: 187154}
--- !u!114 &11496200
MonoBehaviour:
  m_ObjectHideFlags: 1
  m_PrefabParentObject: {fileID: 0}
  m_PrefabInternal: {fileID: 100100000}
  m_GameObject: {fileID: 186480}
  m_Enabled: 1
  m_EditorHideFlags: 0
  m_Script: {fileID: 11500000, guid: f9b566c972858544fadf78208558f490, type: 3}
  m_Name: 
  m_EditorClassIdentifier: 
  resolution: 3
  imageName: 53637265656e73686f745f
  customPath: 
  resetIndex: 0
--- !u!137 &13759882
SkinnedMeshRenderer:
  m_ObjectHideFlags: 1
  m_PrefabParentObject: {fileID: 0}
  m_PrefabInternal: {fileID: 100100000}
  m_GameObject: {fileID: 187154}
  m_Enabled: 1
  m_CastShadows: 0
  m_ReceiveShadows: 1
  m_MotionVectors: 1
  m_LightProbeUsage: 1
  m_ReflectionProbeUsage: 1
  m_Materials:
  - {fileID: 2100000, guid: 4a8010dbd23948847950561dd8da927e, type: 2}
  m_StaticBatchInfo:
    firstSubMesh: 0
    subMeshCount: 0
  m_StaticBatchRoot: {fileID: 0}
  m_ProbeAnchor: {fileID: 0}
  m_LightProbeVolumeOverride: {fileID: 0}
  m_ScaleInLightmap: 1
  m_PreserveUVs: 0
  m_IgnoreNormalsForChartDetection: 0
  m_ImportantGI: 0
  m_SelectedEditorRenderState: 3
  m_MinimumChartSize: 4
  m_AutoUVMaxDistance: 0.5
  m_AutoUVMaxAngle: 89
  m_LightmapParameters: {fileID: 0}
  m_SortingLayerID: 0
  m_SortingLayer: 0
  m_SortingOrder: 0
  serializedVersion: 2
  m_Quality: 0
  m_UpdateWhenOffscreen: 0
  m_SkinnedMotionVectors: 1
  m_Mesh: {fileID: 4300002, guid: 7b23322042cca0b45a566ed8c20846b9, type: 3}
  m_Bones:
  - {fileID: 488266}
  m_BlendShapeWeights: []
  m_RootBone: {fileID: 488266}
  m_AABB:
    m_Center: {x: -0.000000018859282, y: 0.005606567, z: 0.000061126426}
    m_Extent: {x: 0.00347039, y: 0.00660295, z: 0.00031964792}
  m_DirtyAABB: 0
--- !u!137 &13799838
SkinnedMeshRenderer:
  m_ObjectHideFlags: 1
  m_PrefabParentObject: {fileID: 0}
  m_PrefabInternal: {fileID: 100100000}
  m_GameObject: {fileID: 165746}
  m_Enabled: 1
  m_CastShadows: 0
  m_ReceiveShadows: 1
  m_MotionVectors: 1
  m_LightProbeUsage: 1
  m_ReflectionProbeUsage: 1
  m_Materials:
  - {fileID: 2100000, guid: 5622183e6a898e44e9e40ec1ece03fad, type: 2}
  m_StaticBatchInfo:
    firstSubMesh: 0
    subMeshCount: 0
  m_StaticBatchRoot: {fileID: 0}
  m_ProbeAnchor: {fileID: 0}
  m_LightProbeVolumeOverride: {fileID: 0}
  m_ScaleInLightmap: 1
  m_PreserveUVs: 0
  m_IgnoreNormalsForChartDetection: 0
  m_ImportantGI: 0
  m_SelectedEditorRenderState: 3
  m_MinimumChartSize: 4
  m_AutoUVMaxDistance: 0.5
  m_AutoUVMaxAngle: 89
  m_LightmapParameters: {fileID: 0}
  m_SortingLayerID: 0
  m_SortingLayer: 0
  m_SortingOrder: 0
  serializedVersion: 2
  m_Quality: 0
  m_UpdateWhenOffscreen: 0
  m_SkinnedMotionVectors: 1
  m_Mesh: {fileID: 4300000, guid: 7b23322042cca0b45a566ed8c20846b9, type: 3}
  m_Bones:
  - {fileID: 409212}
  - {fileID: 430192}
  - {fileID: 444796}
  - {fileID: 422434}
  - {fileID: 444004}
  - {fileID: 454760}
  - {fileID: 429634}
  - {fileID: 438864}
  - {fileID: 453768}
  - {fileID: 410746}
  - {fileID: 490722}
  - {fileID: 449766}
  - {fileID: 440774}
  - {fileID: 405458}
  - {fileID: 497424}
  - {fileID: 421256}
  - {fileID: 439980}
  - {fileID: 423752}
  - {fileID: 488940}
  - {fileID: 462466}
  - {fileID: 465922}
  - {fileID: 429546}
  - {fileID: 428952}
  - {fileID: 401506}
  - {fileID: 438226}
  m_BlendShapeWeights: []
  m_RootBone: {fileID: 409212}
  m_AABB:
    m_Center: {x: 0.019702818, y: 0.028449917, z: 0.011527172}
    m_Extent: {x: 0.028801966, y: 0.02934826, z: 0.021862224}
  m_DirtyAABB: 0
--- !u!1001 &100100000
Prefab:
  m_ObjectHideFlags: 1
  serializedVersion: 2
  m_Modification:
    m_TransformParent: {fileID: 0}
    m_Modifications: []
    m_RemovedComponents: []
  m_ParentPrefab: {fileID: 0}
  m_RootGameObject: {fileID: 186480}
  m_IsPrefabParent: 1
